<?xml version="1.0" encoding="UTF-8"?><collection xmlns="http://www.loc.gov/MARC21/slim"><record><leader>00397nam--2200121-i-4500</leader><controlfield tag="001">000028860</controlfield><controlfield tag="002">20161230</controlfield><controlfield tag="005">20161230201037</controlfield><controlfield tag="008">060222s1000------------r-----000-0-eng-d</controlfield><datafield ind1=" " ind2=" " tag="100"><subfield code="a">Laranjeira Manuel Fernandes</subfield></datafield><datafield ind1=" " ind2=" " tag="245"><subfield code="a">Experimental and theoretical thermal diffusion factors in binary and ternary mixtures</subfield></datafield><datafield ind1=" " ind2=" " tag="260"><subfield code="a">Hague, Foundation For Fundamental Research Of Matter, 1959, 136p</subfield></datafield><datafield ind1=" " ind2=" " tag="852"><subfield code="a">5517</subfield></datafield></record></collection>